<record><leader>00000cas a2200000 a 4500</leader><controlfield tag="001">38201701</controlfield><controlfield tag="008">980114d19141924oruwr ne      0    0eng c</controlfield><datafield ind1=" " ind2=" " tag="010"><subfield code="a">sn 97071037 </subfield></datafield><datafield ind1=" " ind2=" " tag="040"><subfield code="a">OCN</subfield><subfield code="b">eng</subfield><subfield code="c">OCN</subfield><subfield code="d">OCLCQ</subfield><subfield code="d">CRL</subfield><subfield code="d">OCLCF</subfield><subfield code="d">OCLCO</subfield><subfield code="d">DLC</subfield></datafield><datafield ind1=" " ind2=" " tag="042"><subfield code="a">pcc</subfield></datafield><datafield ind1=" " ind2=" " tag="043"><subfield code="a">n-us-or</subfield></datafield><datafield ind1="0" ind2="0" tag="245"><subfield code="a">Heppner herald.</subfield></datafield><datafield ind1=" " ind2=" " tag="260"><subfield code="a">Heppner, Or. :</subfield><subfield code="b">E.G. and L.K. Harlan,</subfield><subfield code="c">-1924.</subfield></datafield><datafield ind1=" " ind2=" " tag="300"><subfield code="a">v.</subfield></datafield><datafield ind1=" " ind2=" " tag="310"><subfield code="a">Weekly,</subfield><subfield code="b">&lt;Jan. 6, 1917&gt;-Apr. 15, 1924</subfield></datafield><datafield ind1=" " ind2=" " tag="321"><subfield code="a">Weekly,</subfield><subfield code="b">&lt;May 7, 1914&gt;-July 30, 1914</subfield></datafield><datafield ind1=" " ind2=" " tag="321"><subfield code="a">Semiweekly,</subfield><subfield code="b">Aug. 4, 1914-&lt;Dec. 18, 1914&gt;</subfield></datafield><datafield ind1="1" ind2=" " tag="362"><subfield code="a">Began in 1914.</subfield></datafield><datafield ind1="0" ind2=" " tag="362"><subfield code="a">-v. 10, no. 51 (Apr. 15, 1924).</subfield></datafield><datafield ind1=" " ind2=" " tag="530"><subfield code="a">Also issued on microfilm from University of Oregon.</subfield></datafield><datafield ind1=" " ind2=" " tag="588"><subfield code="a">Description based on: Vol. 1, no. 2 (May 5, 1914).</subfield></datafield><datafield ind1=" " ind2="0" tag="651"><subfield code="a">Heppner (Or.)</subfield><subfield code="v">Newspapers.</subfield></datafield><datafield ind1=" " ind2="7" tag="651"><subfield code="a">Oregon</subfield><subfield code="z">Heppner.</subfield><subfield code="2">fast</subfield><subfield code="0">(OCoLC)fst01211660</subfield></datafield><datafield ind1=" " ind2="7" tag="655"><subfield code="a">Newspapers.</subfield><subfield code="2">fast</subfield><subfield code="0">(OCoLC)fst01423814</subfield></datafield><datafield ind1=" " ind2=" " tag="752"><subfield code="a">United States</subfield><subfield code="b">Oregon</subfield><subfield code="c">Morrow</subfield><subfield code="d">Heppner.</subfield></datafield><datafield ind1="0" ind2="5" tag="780"><subfield code="t">Ione bulletin</subfield><subfield code="w">(DLC)sn 97071036</subfield></datafield><datafield ind1="0" ind2="4" tag="785"><subfield code="t">Gazette-times (Heppner, Or.)</subfield><subfield code="x">2379-3228</subfield><subfield code="w">(DLC)sn 97071038</subfield><subfield code="w">(OCoLC)38201757</subfield></datafield><datafield ind1="1" ind2=" " tag="029"><subfield code="a">AU@</subfield><subfield code="b">000013708405</subfield></datafield></record>